@IEEEtranBSTCTL{IEEEexample:BSTcontrol,
CTLuse_article_number = "yes",
CTLuse_paper = "yes",
CTLuse_url = "yes",
CTLuse_forced_etal = "yes",
CTLmax_names_forced_etal = "3",
CTLnames_show_etal = "1",
CTLuse_alt_spacing = "yes",
CTLalt_stretch_factor = "4",
CTLdash_repeated_names = "no",
CTLname_latex_cmd = "",
CTLname_url_prefix = "[Online]. Available:"
}
%month={},
%edition={},
%note = {ISBN: 978-1111111111},
%16 month={September}#7--11,


% 1
@article{crichton1989partial,
  title={Partial discharges in ellipsoidal and spheroidal voids},
  author={Crichton, George C and Karlsson, PW and Pedersen, Aage},
  journal={IEEE Transactions on Dielectric and Electrical Insulation},
  volume={24},
  number={2},
  pages={335--342},
  month={April},
  year={1989},
  publisher={IEEE}
}
% 2
@article{van1994physics,
  title={Physics and chemistry of partial discharge and corona. Recent advances and future challenges},
  author={Van Brunt, Richard J},
  journal={IEEE transactions on Dielectrics and Electrical insulation},
  volume={1},
  number={5},
  pages={761--784},
  month={October},
  year={1994},
  publisher={IEEE}
}
% 3
@article{danikas1998some,
  title={Some new relationships and a scaling law regarding partial discharges in spherical cavities enclosed in solid insulation},
  author={Danikas, MG},
  journal={Acta Electrotehnica Napocensis},
  volume={39},
  number={1},
  pages={5--9},
  year={1998}
}
% 4
@inproceedings{paithankar1997can,
  title={Can {PD} phenomenon be analysed by deterministic chaos?},
  author={Paithankar, Amit A and Mokashi, AD},
  booktitle={Electrical Insulation Conference, 1997, and Electrical Manufacturing and Coil Winding Conference. Proceedings},
  pages={283--289},
  year={1997},
  organization={IEEE}
}
% 5
@inproceedings{kolev1998partial,
  title={Partial discharge phenomena simulation using general-purpose analysis programs},
  author={Kolev, N and Darjanov, Petar and Gadjeva, Elissaveta and Darjanova, Denitza},
  booktitle={Proceedings of the 1998 IEEE 6th International Conference on Conduction and Breakdown in Solid Dielectrics},
  pages={149--152},
  year={1998},
  organization={IEEE}
}
% 6
@inproceedings{ren2006simulation,
  title={Simulation of partial discharges in single and double voids using SIMULINK},
  author={Ren, CY and Cheng, YH and Yan, P and Sun, YH and Shao, T},
  booktitle={Conference Record of the 2006 Twenty-Seventh International Power Modulator Symposium},
  pages={120--123},
  year={2006},
  organization={IEEE}
}
% 7
@inproceedings{kolev1999approach,
  title={An approach to develop a partial discharge investigation},
  author={Kolev, Nikolay P and Gadjeva, Elissaveta D and Danikas, Michael G and Gourov, Nikolay R},
  booktitle={Electrical Insulation Conference and Electrical Manufacturing and Coil Winding Conference, 1999. Proceedings},
  pages={507--510},
  year={1999},
  organization={IEEE}
}
% 8
@article{satish1994artificial,
  title={Artificial neural networks for recognition of 3-d partial discharge patterns},
  author={Satish, L and Zaengl, Walter S},
  journal={IEEE transactions on Dielectrics and Electrical insulation},
  volume={1},
  number={2},
  pages={265--275},
  month={April},
  year={1994},
  publisher={IEEE}
}
% 9
@article{gutfleisch1995measurement,
  title={Measurement and simulation of {PD} in epoxy voids},
  author={Gutfleisch, F and Niemeyer, Lutz},
  journal={IEEE transactions on Dielectrics and Electrical insulation},
  volume={2},
  number={5},
  pages={729--743},
  year={1995},
  publisher={IEEE}
}
% 10
@article{bartnikas2002partial,
  title={Partial discharges. Their mechanism, detection and measurement},
  author={Bartnikas, R},
  journal={IEEE Transactions on Dielectrics and Electrical Insulation},
  volume={9},
  number={5},
  pages={763--808},
  year={2002},
  publisher={IEEE}
}
% 11
@inproceedings{karmakar2009partial,
  title={Partial discharge measurement of transformer with {ICT} facilities},
  author={Karmakar, S and Roy, NK and Kumbhakar, P},
  booktitle={International Conference on Power Systems},
  pages={1--5},
  month={December},
  year={2009},
  organization={IEEE}
}
% 12
@article{karmakar2009monitoring,
  title={Monitoring of high voltage power transformer using direct optical partial discharge detection technique},
  author={Karmakar, S and Roy, NK and Kumbhakar, P},
  journal={journal of Optics},
  volume={38},
  number={4},
  pages={207--215},
  year={2009},
  publisher={Springer}
}
% 13
@inbook{kuffel2000high,
  title={High voltage engineering fundamentals},
  author={Kuffel, John and Kuffel, Peter},
  year={2005},
  edition={Second},
  pages={58--61},
  publisher={Eleslever},
  note={{ISBN: 0-7506-3634-3}}
}
% 14
@inbook{kreuger1989partial,
  title={Partial discharge detection in high-voltage equipment},
  author={Kreuger, Frederik H},
  pages={121--126},
  year={1989},
  publisher={Butterworth-Heinemann}
}
% 15
@inbook{naiduhigh,
  title={High Voltage Engineering, 1995},
  author={Naidu, MS and Kamaraju, V},
  pages={ 69--85},
  year={2001},
  publisher={Tata McGraw-Hill Publishing Ltd}
}
% 16
@inproceedings{Proceedingsof2008International,
  title={Proceedings of 2008 International Symposium on Electrical Insulating Materials},
  author={Chen Mu-Kuen and Cheng C. Y.},
  booktitle={Yokkaichi, Mie, Japan},
  pages={87--91},
  month={September},
  year={2008},
}
% 17
@inproceedings{kruger2003active,
  title={Active noise reduction for partial discharge measurement in the frequency domain},
  author={Kr{\"u}ger, Tilmann and Patsch, Rainer},
  booktitle={IEEE Bologna Power Tech Conference},
  address={Bologna, Italy},
  pages={137--141},
  month={April},
  year={2003}
}
% 18
@inproceedings{chen2008partial,
  title={Partial discharge modelling based on a cylindrical model in solid dielectrics},
  author={Chen, George and Baharudin, Fauzan},
  booktitle={International Conference on Condition Monitoring and Diagnosis},
  pages={ 331--334},
  month={April},
  year={2008},
  organization={IEEE}
}
% 19
@article{forssen2008partial,
  title={Partial discharges in a cavity at variable applied frequency part 1: measurements},
  author={Forss{\'e}n, Cecilia and Edin, Hans},
  journal={IEEE Transactions on Dielectrics and Electrical Insulation},
  volume={15},
  number={6},
  pages={78--82},
  month={December},
  year={2008},
  publisher={IEEE}
}
% 20
@article{standard200060270,
  title={High Voltage Test Techniques-Partial Discharge Measurements},
  author={{Standard IEC 60270}},
  journal={International Electrotechnical Commission},
  pages={27--29},
  year={2000}
}
% 21
@inbook{kuffel2000high2,
  title={High voltage engineering fundamentals},
  author={Kuffel, John and Kuffel, Peter},
  year={2000},
  publisher={Butterworth-Heinemann},
  address={Oxford},
  pages={89-94}
}
% 22
@inproceedings{gockenbach2004partial,
  title={Partial discharge detection and localization in power transformers},
  author={Gockenbach, E},
  booktitle={Annual Report Conference on Electrical Insulation and Dielectric Phenomena},
  pages={466--469},
  year={2004},
  organization={IEEE}
}
% 23
@article{bengtsson1996status,
  title={Status and trends in transformer monitoring},
  author={Bengtsson, C},
  journal={IEEE Transactions on Power delivery},
  volume={11},
  number={3},
  pages={1379--1384},
  year={1996},
  publisher={IEEE}
}
% 24
@inbook{naiduhigh2,
  title={High Voltage Engineering},
  author={Naidu, MS and Kamaraju, V},
  publisher={Tata McGraw-Hill Publishing Ltd},
  year={2004},
  pages={55--64}
}
% 25
@article{kim2003acoustic,
  title={Acoustic monitoring of HV equipment with optical fiber sensors},
  author={Kim, Tae Young and Suh, Kwang S and Nam, Jin Ho and Takada, T},
  journal={IEEE transactions on dielectrics and electrical insulation},
  volume={10},
  number={2},
  pages={266--270},
  year={2003},
  publisher={IEEE}
}
% 26
@article{nattrass1993partial,
  title={Partial discharge. {XVII}. The early history of partial discharge research},
  author={Nattrass, David A},
  journal={IEEE Electrical Insulation Magazine},
  volume={9},
  number={4},
  pages={27--31},
  year={1993},
  publisher={IEEE}
}
% 27
@article{macalpine2002development,
  title={Development of a fibre-optic sensor for partial discharges in oil-filled power transformers},
  author={MacAlpine, Mark and Zhiqiang, Zhao and Demokan, M S{\"u}leyman},
  journal={Electric Power Systems Research},
  volume={63},
  number={1},
  pages={27--36},
  year={2002},
  publisher={Elsevier}
}
% 28
@article{kemp1995partial,
  title={Partial discharge plant-monitoring technology: Present and future developments},
  author={Kemp, IJ},
  journal={IEE Proceedings-Science, Measurement and Technology},
  volume={142},
  number={1},
  pages={4--10},
  year={1995},
  publisher={IET}
}
% 29
@inproceedings{karmakar2009detection,
  title={Online monitoring of partial discharges in a transformer using optical method},
  author={Karmakar, S and Roy, NK and Kumbhakar, P},
  booktitle={Proceedings of the International conference PSACO, Visakhapatnam},
  year={2008},
  pages={23--34},
}
% 30
@inproceedings{xiao2006time,
  title={Time-frequency modelling of partial discharge radiation from current transformers},
  author={Xiao, S and Moore, PJ and Judd, MD},
  booktitle={Proceedings of the 41st International Universities Power Engineering Conference},
  volume={3},
  pages={921--925},
  year={2006},
  organization={IEEE}
}
% 31
@article{standard2000high,
  title={High-voltage test techniques: partial discharge measurements},
  author={{Standard IEC 60270}},
  journal={International Electrotechnical Commission},
  year={2000},
  pages={66-71}
}
% 32
@book{wadhwa2007high,
  title={High voltage engineering},
  author={Wadhwa, CL},
  year={2007},
  publisher={New Age International}
}
% 33
@article{danikas1993definitions,
  title={The definitions used for partial discharge phenomena},
  author={Danikas, Michael G},
  journal={IEEE transactions on electrical insulation},
  volume={28},
  number={6},
  pages={1075--1081},
  year={1993},
  publisher={IEEE}
}
% 34
@article{standard160044,
  title={Instrument transformers--Part 1:  Current Transformers},
  author={{Standard IEC 60044-1}},
  journal={International Electrotechnical Commission Ed.1.2},
  year={2003}
}
% 35
@inproceedings{guastavino2011morphologic,
  title={Morphologic analysis and diagnosis of defects inside cast resin medium voltage current transformers insulation by digital partial discharges acquisitions},
  author={Guastavino, F and Torello, E and Squarcia, S and Dardano, A and Secci, M and Ferraro, F and Pistone, D},
  booktitle={Annual Report Conference on Electrical Insulation and Dielectric Phenomena(CEIDP)},
  pages={493--496},
  year={2011},
  organization={IEEE}
}
% 36
@article{stone2005partial,
  title={Partial discharge diagnostics and electrical equipment insulation condition assessment},
  author={Stone, GC},
  journal={IEEE Transactions on Dielectrics and Electrical Insulation},
  volume={12},
  number={5},
  pages={891--904},
  year={2005},
  publisher={IEEE}
}
% 37
@inproceedings{schwarz2008review,
  title={Review of partial discharge monitoring techniques used in high voltage equipment},
  author={Schwarz, R and Judendorfer, T and Muhr, M},
  booktitle={Annual Report Conference on Electrical Insulation and Dielectric Phenomena},
  pages={400--403},
  month={Oct},
  year={2008},
  organization={IEEE}
}
% 38
@inproceedings{muhr2006partial,
  title={Partial discharge measurement as a Diagnostic Tool for {HV}-Equipments},
  author={Muhr, M and Schwarz, R},
  booktitle={IEEE 8th International Conference on Properties applications of Dielectric Materials},
  pages={195--198},
  year={2006},
  organization={IEEE}
}
% 39
@inproceedings{reddy2014detection,
  title={Detection and analysis of partial discharge using ultra high frequency sensor},
  author={Reddy, P Gurumurthy and Kundu, Prasanta},
  booktitle={Annual International Conference on Emerging Research Areas: Magnetics, Machines and Drives (AICERA/iCMMD)},
  pages={1--6},
  year={2014},
  organization={IEEE}
}
% 40
@article{coenen2008sensitivity,
  title={Sensitivity of {UHF} {PD} measurements in power transformers},
  author={Coenen, S and Tenbohlen, S and Markalous, SM and Strehl, T},
  journal={IEEE Transactions on Dielectrics and Electrical Insulation},
  volume={15},
  number={6},
  year={2008},
  publisher={IEEE}
}
% 41
@inproceedings{chen2007rf,
  title={{RF} detection of partial discharge in current transformer},
  author={Chen, Mu-Kuen and Chang, Wen-Yeau and Chen, Jeng-Ming and Cheng, Chao-Yuan},
  booktitle={International Power Engineering Conference (IPEC)},
  pages={193--196},
  year={2007},
  organization={IEEE}
}
% 42
@inproceedings{chen2008time,
  title={Time domain detection of partial discharge in current transformer},
  author={Chen, Mu-Kuen and Cheng, Chao-Yuan and Chang, Wen-Yeau and Chen, Jeng-Ming},
  booktitle={Conference Record of the 2008 IEEE International Symposium on Electrical Insulation},
  pages={361--364},
  year={2008},
  organization={IEEE}
}
% 43
@article{kemp1995partial2,
  title={Partial discharge plant-monitoring technology: Present and future developments},
  author={Kemp, IJ},
  journal={IEE Proceedings-Science, Measurement and Technology},
  volume={142},
  number={1},
  pages={4--10},
  year={1995},
  publisher={IET}
}
% 44
@article{wang2006acousto,
  title={Acousto-optical {PD} detection for transformers},
  author={Wang, Xiaodong and Li, Baoqing and Roman, Harry T and Russo, Onofrio L and Chin, Ken and Farmer, Kenneth R},
  journal={IEEE Transactions on power delivery},
  volume={21},
  number={3},
  pages={1068--1073},
  year={2006},
  publisher={IEEE}
}
% 45
@inproceedings{schwarz2007modern,
  title={Modern technologies in optical partial discharge detection},
  author={Schwarz, R and Muhr, M},
  booktitle={Annual Report--Conference on Electrical Insulation and Dielectric Phenomena},
  pages={163--166},
  year={2007},
  organization={IEEE}
}
% 46
@article{kuchinsky1979partial,
  title={Partial Discharge in High voltage Apparatus},
  author={Kuchinsky, GS},
  journal={Published “Energia},
  year={1979},
  pages={71-79},
  address={Leningrad,in Russian}
}
% 47
@article{iec2000602702,
  title={High Voltage Test Techniques-Partial Discharge Measurements},
  author={{Standard IEC 60270}},
  journal={International Electrotechnical Commission},
  year={2000}
}
% 48
@article{iec200060270,
  title={Partial Discharge measurement in transformers and their Interpretation},
  author={Viale,F.and \textit{et.~al.}},
  journal={CIGRE Papers},
  year={1968},
  pages={47-59}
  }
% 49
@inproceedings{haraldsen1968investigations,
  title={Investigations on different partial discharge location methods on power transformers},
  author={Haraldsen, S and Winberg, K},
  booktitle={CIGRE Papers},
  pages={12--09},
  year={1968}
}
% 50
@inproceedings{berent1995acoustic,
  title={Acoustic monitoring and gas-in-oil analysis for transformers},
  author={Berent, Denny L},
  booktitle={Nondestructive Evaluation of Aging Infrastructure},
  pages={268--272},
  year={1995},
  organization={International Society for Optics and Photonics}
}
% 51
@inproceedings{shertukde1998detection,
  title={Detection of partial discharges using a fault diagnostic device for electrical power transformers},
  author={Shertukde, Hemchandra M},
  booktitle={Proceedings of the Sixty--Fifth Annual International Conference of Doble Clients},
  year={1998},
  note={Sec.8--13},
  pages={91--104}
}
% 52
@inproceedings{moore1997application,
  title={Application of In Service Transformer Monitoring Systems during Tests at Consolidated Edison’s Station},
  author={Moore, H and Cnu, D and Savio, L},
  booktitle={Proceedings of the EPRI Substation Equipment Diagnostics Conference V},
  volume={199},
  year={1997},
  pages={44--49}
}
% 53
@inproceedings{DetectionofInternal,
  title={Detection of Internal Surface Discharges via Electrical {PDPWA} Methods},
  author={Cook, CM},
  booktitle={Proceedings of the EPRI Substation Equipment Diagnostics Conference , New Orleans ,VI},
  year={1998},
  pages={102--106}
}
% 54
@inproceedings{moore1997application2,
  title={Application of In Service Transformer Monitoring Systems during Tests at Consolidated Edison’s Station},
  author={Moore, H and Cnu, D and Savio, L},
  booktitle={Proceedings of the EPRI Substation Equipment Diagnostics Conference VI},
  year={1998},
  pages={93--101}
}
% 55
@inproceedings{sundermannline,
  title={On-Line Partial Discharge Testing of Power Transformers},
  author={Sundermann, U and Fruth, B and Gross, D},
  booktitle={ Proceedings of the EPRI Substation Equipment Diagnostics Conference VI},
  year={1998},
  pages={43--47}
}
% 56
@inproceedings{sokolov1999effective,
  title={Effective methods of assessment of insulation system conditions in power transformers: a view based on practical experience},
  author={Sokolov, V and Berler, Z and Rashkes, V},
  booktitle={Proceedings of Electrical Insulation Conference and Electrical Manufacturing and Coil Winding Conference},
  pages={659--667},
  year={1999},
  organization={IEEE}
}
% 57
@article{gurin1975measurements,
  title={Measurements of Partial Discharges on Transformers in-field condition},
  author={Gurin, VV and Swie, PM},
  journal={Electrical Station},
  volume={5},
  year={1975},
  pages={76--91}
}
% 58
@article{gurin1993field,
  title={In-Field Diagnostic of the Autotransformer by means of measurements and localization of Partial Discharges},
  author={Gurin, VV and Sokolov, VV and Kuchera, V and Valenta, L},
  journal={Electrical Stations},
  volume={10},
  year={1993},
  pages={11--23}
}
% 59
@inproceedings{sokolov1995experience,
  title={Experience with Life Assessment and Refurbishment of 400 {kV} Shunt Reactors},
  author={Sokolov, Victor V and Shkrum, Valery},
  booktitle={Proceedings of the Sixty--Seconde Annual International Conference of Doble Clients},
  year={1995},
  pages={33--44}
}
% 60
@inproceedings{sokolov1997evaluation,
  title={Evaluation and Identification of Typical Defects and Failure-Modes of 110-750 KV Bushings},
  author={Sokolov, Victor and Vanin, Boris},
  booktitle={Proceedings of the Sixty-Fourth Annual International Conference of Doble Clients},
  pages={7--17},
  year={1997}
}
% 61
@inproceedings{harrold1985influence,
  title={The influence of partial discharges and related phenomena on the operation of oil insulation systems at very high electrical stresses},
  author={Harrold, RT},
  booktitle={Conference on Electrical Insulation and Dielectric Phenomena, Annual Report},
  pages={79--88},
  year={1985},
  organization={IEEE}
}
% 62
@article{Dielectricwithstands,
  title={Dielectric withstands Strength of internal insulation of transformers under prolong effect of operative voltage},
  author={Orozova,T.I.},
  journal={Elecrtotechnika},
  volume={4},
  year={1975},
  pages={88--101}
}
% 63
@inproceedings{bengtsson1997procedure,
  title={Procedure and Field Measurement for Diagnosis of Internal Arcing in a {GSU} Transformer},
  author={Bengtsson, C},
  booktitle={Proceedings of the 1997 International Colloquium of CIGRE SC12 Transformers, Sydney, October},
  year={1997},
  pages={69--73}
}
% 64
@article{yakov1968corona,
  title={Corona in power transformers},
  author={Yakov, S and Honey, CC and Madin, AB},
  journal={CIGRE Papers},
  year={1968},
  pages={22--37}
}
% 65

% 66